<?xml version="1.0" encoding="UTF-8"?><collection xmlns="http://www.loc.gov/MARC21/slim"><record><leader>00443nam--2200145-i-4500</leader><controlfield tag="001">000029094</controlfield><controlfield tag="002">20161230</controlfield><controlfield tag="005">20170111001248</controlfield><controlfield tag="008">060222s1000------------r-----000-0-eng-d</controlfield><datafield ind1=" " ind2=" " tag="100"><subfield code="a">Levinson, C.A., Kelson, I</subfield></datafield><datafield ind1=" " ind2=" " tag="245"><subfield code="a">Application of self consistent field methods to rotational motion in shell nuclei</subfield></datafield><datafield ind1=" " ind2=" " tag="260"><subfield code="a">Rehovoth</subfield><subfield code="b">Weizmann Institute Of Science</subfield><subfield code="c">[1963]</subfield></datafield><datafield ind1=" " ind2=" " tag="300"><subfield code="a">38 p.+ 10 Fig</subfield></datafield><datafield ind1=" " ind2=" " tag="852"><subfield code="a">19458</subfield></datafield><datafield ind1=" " ind2=" " tag="CAT"><subfield code="a">SYS</subfield><subfield code="c">20170111</subfield><subfield code="h">001248</subfield></datafield></record></collection>